% Es ist wichtig, dass jeder Kurs die Label fuer die Zitationen so
% verwendet wie hier vorgefuehrt:
% k<Akademienummer>.<Kursnummer>.<Freitext>
% Hier hat zum Beispiel Akademie 2, Kurs 6 einen Bibliografie-Eintrag
% angelegt.
%
% Diese Bibliografie-Eintraege koennt ihr zum Beispiel unter
% https://scholar.google.com suchen, unter "bibtex" herunterladen und in
% diese Datei hineinkopieren

@article{k4.2.somelabel,
      author         = "Vafa, Cumrun",
      title          = "{Evidence for F theory}",
      journal        = "Nucl. Phys.",
      volume         = "B469",
      year           = "1996",
      pages          = "403-418",
      doi            = "10.1016/0550-3213(96)00172-1",
      eprint         = "hep-th/9602022",
}

@article{k4.2.ramond,
  author    = {Paul Ramond},
  title     = {The Abel-Ruffini Theorem: Complex but Not Complicated},
  journal   = {The American Mathematical Monthly},
  volume    = {129},
  number    = {3},
  pages     = {231-245},
  year      = {2022},
  publisher = {Taylor & Francis},
  doi       = {10.1080/00029890.2022.2010494},
  url       = {https://doi.org/10.1080/00029890.2022.2010494},
  eprint    = {https://doi.org/10.1080/00029890.2022.2010494}
}

@book{k4.2.langville,
  author    = {Langville, Amy N. and Meyer, Carl D.},
  title     = {Google's PageRank and Beyond: The Science of Search Engine Rankings},
  year      = {2012},
  isbn      = {0691152667},
  publisher = {Princeton University Press},
  address   = {USA}
}
